@inproceedings{DBLP:conf/rfidsec/BernsteinL12,
  author    = {Daniel J. Bernstein and
               Tanja Lange},
  title     = {Never Trust a Bunny},
  booktitle = {RFIDSec},
  year      = {2012},
  pages     = {137-148},
  ee        = {http://dx.doi.org/10.1007/978-3-642-36140-1_10},
  crossref  = {DBLP:conf/rfidsec/2012},
  bibsource = {DBLP, http://dblp.uni-trier.de}
}

@proceedings{DBLP:conf/rfidsec/2012,
  editor    = {Jaap-Henk Hoepman and
               Ingrid Verbauwhede},
  title     = {Radio Frequency Identification. Security and Privacy
Issues
               - 8th International Workshop, RFIDSec 2012, Nijmegen, The
               Netherlands, July 2-3, 2012, Revised Selected Papers},
  booktitle = {RFIDSec},
  publisher = {Springer},
  series    = {Lecture Notes in Computer Science},
  volume    = {7739},
  year      = {2013},
  isbn      = {978-3-642-36139-5},
  ee        = {http://dx.doi.org/10.1007/978-3-642-36140-1},
  bibsource = {DBLP, http://dblp.uni-trier.de}
}


@inproceedings{DBLP:conf/icalp/AroraG11,
  author    = {Sanjeev Arora and
               Rong Ge},
  title     = {New Algorithms for Learning in Presence of Errors},
  booktitle = {ICALP (1)},
  year      = {2011},
  pages     = {403-415},
  ee        = {http://dx.doi.org/10.1007/978-3-642-22006-7_34},
  crossref  = {DBLP:conf/icalp/2011-1},
  bibsource = {DBLP, http://dblp.uni-trier.de}
}

@proceedings{DBLP:conf/icalp/2011-1,
  editor    = {Luca Aceto and
               Monika Henzinger and
               Jiri Sgall},
  title     = {Automata, Languages and Programming - 38th International
               Colloquium, ICALP 2011, Zurich, Switzerland, July 4-8,
2011,
               Proceedings, Part I},
  booktitle = {ICALP (1)},
  publisher = {Springer},
  series    = {Lecture Notes in Computer Science},
  volume    = {6755},
  year      = {2011},
  isbn      = {978-3-642-22005-0},
  ee        = {http://dx.doi.org/10.1007/978-3-642-22006-7},
  bibsource = {DBLP, http://dblp.uni-trier.de}
}

@article{DBLP:journals/cacm/AndoniI08,
  author    = {Alexandr Andoni and
               Piotr Indyk},
  title     = {Near-optimal hashing algorithms for approximate nearest
               neighbor in high dimensions},
  journal   = {Commun. ACM},
  volume    = {51},
  number    = {1},
  year      = {2008},
  pages     = {117-122},
  ee        = {http://doi.acm.org/10.1145/1327452.1327494},
  bibsource = {DBLP, http://dblp.uni-trier.de}
}


@article{DBLP:journals/iacr/Kirchner11,
  author    = {Paul Kirchner},
  title     = {Improved Generalized Birthday Attack},
  journal   = {IACR Cryptology ePrint Archive},
  volume    = {2011},
  year      = {2011},
  pages     = {377},
  ee        = {http://eprint.iacr.org/2011/377},
  bibsource = {DBLP, http://dblp.uni-trier.de}
}

@inproceedings{DBLP:conf/wistp/GolebiewskiMZZ11,
  author    = {Zbigniew Golebiewski and
               Krzysztof Majcher and
               Filip Zag{\'o}rski and
               Marcin Zawada},
  title     = {Practical Attacks on HB and HB+ Protocols},
  booktitle = {WISTP},
  year      = {2011},
  pages     = {244-253},
  ee        = {http://dx.doi.org/10.1007/978-3-642-21040-2_17},
  crossref  = {DBLP:conf/wistp/2011},
  bibsource = {DBLP, http://dblp.uni-trier.de}
}

@proceedings{DBLP:conf/wistp/2011,
  editor    = {Claudio Agostino Ardagna and
               Jianying Zhou},
  title     = {Information Security Theory and Practice. Security and
Privacy
               of Mobile Devices in Wireless Communication - 5th IFIP WG
               11.2 International Workshop, WISTP 2011, Heraklion, Crete,
               Greece, June 1-3, 2011. Proceedings},
  booktitle = {WISTP},
  publisher = {Springer},
  series    = {Lecture Notes in Computer Science},
  volume    = {6633},
  year      = {2011},
  isbn      = {978-3-642-21039-6},
  ee        = {http://dx.doi.org/10.1007/978-3-642-21040-2},
  bibsource = {DBLP, http://dblp.uni-trier.de}
}

@inproceedings{DBLP:conf/focs/Valiant12,
  author    = {Gregory Valiant},
  title     = {Finding Correlations in Subquadratic Time, with
Applications
               to Learning Parities and Juntas},
  booktitle = {FOCS},
  year      = {2012},
  pages     = {11-20},
  ee        = {http://doi.ieeecomputersociety.org/10.1109/FOCS.2012.27},
  crossref  = {DBLP:conf/focs/2012},
  bibsource = {DBLP, http://dblp.uni-trier.de}
}

@proceedings{DBLP:conf/focs/2012,
  title     = {53rd Annual IEEE Symposium on Foundations of Computer
Science,
               FOCS 2012, New Brunswick, NJ, USA, October 20-23, 2012},
  booktitle = {FOCS},
  publisher = {IEEE Computer Society},
  year      = {2012},
  isbn      = {978-1-4673-4383-1},
  ee        =
{http://ieeexplore.ieee.org/xpl/mostRecentIssue.jsp?punumber=6374356},
  bibsource = {DBLP, http://dblp.uni-trier.de}
}

@inproceedings{DBLP:conf/stoc/BlumKW00,
  author    = {Avrim Blum and
               Adam Kalai and
               Hal Wasserman},
  title     = {Noise-tolerant learning, the parity problem, and the
statistical
               query model},
  booktitle = {STOC},
  year      = {2000},
  pages     = {435-440},
  ee        = {http://doi.acm.org/10.1145/335305.335355},
  crossref  = {DBLP:conf/stoc/2000},
  bibsource = {DBLP, http://dblp.uni-trier.de}
}

@proceedings{DBLP:conf/stoc/2000,
  editor    = {F. Frances Yao and
               Eugene M. Luks},
  title     = {Proceedings of the Thirty-Second Annual ACM Symposium on
               Theory of Computing, May 21-23, 2000, Portland, OR, USA},
  booktitle = {STOC},
  publisher = {ACM},
  year      = {2000},
  isbn      = {1-58113-184-4},
  bibsource = {DBLP, http://dblp.uni-trier.de}
}

@inproceedings{DBLP:conf/coding/Stern88,
  author    = {Jacques Stern},
  title     = {A method for finding codewords of small weight},
  booktitle = {Coding Theory and Applications},
  year      = {1988},
  pages     = {106-113},
  crossref  = {DBLP:conf/coding/1988},
  bibsource = {DBLP, http://dblp.uni-trier.de}
}

@proceedings{DBLP:conf/coding/1988,
  editor    = {G{\'e}rard D. Cohen and
               Jacques Wolfmann},
  title     = {Coding Theory and Applications, 3rd International
Colloquium,
               Toulon, France, November 2-4, 1988, Proceedings},
  booktitle = {Coding Theory and Applications},
  publisher = {Springer},
  series    = {Lecture Notes in Computer Science},
  volume    = {388},
  year      = {1989},
  isbn      = {3-540-51643-3},
  bibsource = {DBLP, http://dblp.uni-trier.de}
}
@inproceedings{DBLP:conf/alt/GrigorescuRV11,
  author    = {Elena Grigorescu and
               Lev Reyzin and
               Santosh Vempala},
  title     = {On Noise-Tolerant Learning of Sparse Parities and Related
               Problems},
  booktitle = {ALT},
  year      = {2011},
  pages     = {413-424},
  ee        = {http://dx.doi.org/10.1007/978-3-642-24412-4_32},
  crossref  = {DBLP:conf/alt/2011},
  bibsource = {DBLP, http://dblp.uni-trier.de}
}

@proceedings{DBLP:conf/alt/2011,
  editor    = {Jyrki Kivinen and
               Csaba Szepesv{\'a}ri and
               Esko Ukkonen and
               Thomas Zeugmann},
  title     = {Algorithmic Learning Theory - 22nd International
Conference,
               ALT 2011, Espoo, Finland, October 5-7, 2011. Proceedings},
  booktitle = {ALT},
  publisher = {Springer},
  series    = {Lecture Notes in Computer Science},
  volume    = {6925},
  year      = {2011},
  isbn      = {978-3-642-24411-7},
  ee        = {http://dx.doi.org/10.1007/978-3-642-24412-4},
  bibsource = {DBLP, http://dblp.uni-trier.de}
}

@inproceedings{DBLP:conf/approx/Lyubashevsky05,
  author    = {Vadim Lyubashevsky},
  title     = {The Parity Problem in the Presence of Noise, Decoding
Random
               Linear Codes, and the Subset Sum Problem},
  booktitle = {APPROX-RANDOM},
  year      = {2005},
  pages     = {378-389},
  ee        = {http://dx.doi.org/10.1007/11538462_32},
  crossref  = {DBLP:conf/approx/2005},
  bibsource = {DBLP, http://dblp.uni-trier.de}
}

@proceedings{DBLP:conf/approx/2005,
  editor    = {Chandra Chekuri and
               Klaus Jansen and
               Jos{\'e} D. P. Rolim and
               Luca Trevisan},
  title     = {Approximation, Randomization and Combinatorial
Optimization,
               Algorithms and Techniques, 8th International Workshop on
               Approximation Algorithms for Combinatorial Optimization
               Problems, APPROX 2005 and 9th InternationalWorkshop on
Randomization
               and Computation, RANDOM 2005, Berkeley, CA, USA, August
               22-24, 2005, Proceedings},
  booktitle = {APPROX-RANDOM},
  publisher = {Springer},
  series    = {Lecture Notes in Computer Science},
  volume    = {3624},
  year      = {2005},
  isbn      = {3-540-28239-4},
  crossref  = {DBLP:conf/approx/2005},
  bibsource = {DBLP, http://dblp.uni-trier.de}
}

@inproceedings{DBLP:conf/approx/Lyubashevsky05,
  author    = {Vadim Lyubashevsky},
  title     = {The Parity Problem in the Presence of Noise, Decoding
Random
               Linear Codes, and the Subset Sum Problem},
  booktitle = {APPROX-RANDOM},
  year      = {2005},
  pages     = {378-389},
  ee        = {http://dx.doi.org/10.1007/11538462_32},
  crossref  = {DBLP:conf/approx/2005},
  bibsource = {DBLP, http://dblp.uni-trier.de}
}

@proceedings{DBLP:conf/approx/2005,
  editor    = {Chandra Chekuri and
               Klaus Jansen and
               Jos{\'e} D. P. Rolim and
               Luca Trevisan},
  title     = {Approximation, Randomization and Combinatorial
Optimization,
               Algorithms and Techniques, 8th International Workshop on
               Approximation Algorithms for Combinatorial Optimization
               Problems, APPROX 2005 and 9th InternationalWorkshop on
Randomization
               and Computation, RANDOM 2005, Berkeley, CA, USA, August
               22-24, 2005, Proceedings},
  booktitle = {APPROX-RANDOM},
  publisher = {Springer},
  series    = {Lecture Notes in Computer Science},
  volume    = {3624},
  year      = {2005},
  isbn      = {3-540-28239-4},
  crossref  = {DBLP:conf/approx/2005},
  bibsource = {DBLP, http://dblp.uni-trier.de}
}

@inproceedings{DBLP:conf/scn/LevieilF06,
  author    = {{\'E}ric Levieil and
               Pierre-Alain Fouque},
  title     = {An Improved LPN Algorithm},
  booktitle = {SCN},
  year      = {2006},
  pages     = {348-359},
  ee        = {http://dx.doi.org/10.1007/11832072_24},
  crossref  = {DBLP:conf/scn/2006},
  bibsource = {DBLP, http://dblp.uni-trier.de}
}

@proceedings{DBLP:conf/scn/2006,
  editor    = {Roberto De Prisco and
               Moti Yung},
  title     = {Security and Cryptography for Networks, 5th International
               Conference, SCN 2006, Maiori, Italy, September 6-8, 2006,
               Proceedings},
  booktitle = {SCN},
  publisher = {Springer},
  series    = {Lecture Notes in Computer Science},
  volume    = {4116},
  year      = {2006},
  isbn      = {3-540-38080-9},
  bibsource = {DBLP, http://dblp.uni-trier.de}
}

@article{DBLP:journals/iacr/DamgardP12,
  author    = {Ivan Damg{\aa}rd and
               Sunoo Park},
  title     = {Is Public-Key Encryption Based on LPN Practical?},
  journal   = {IACR Cryptology ePrint Archive},
  volume    = {2012},
  year      = {2012},
  pages     = {699},
  ee        = {http://eprint.iacr.org/2012/699},
  bibsource = {DBLP, http://dblp.uni-trier.de}
}

@inproceedings{DBLP:conf/colt/Akavia10,
  author    = {Adi Akavia},
  title     = {Deterministic Sparse Fourier Approximation via Fooling
Arithmetic
               Progressions},
  booktitle = {COLT},
  year      = {2010},
  pages     = {381-393},
  ee        =
{http://colt2010.haifa.il.ibm.com/papers/COLT2010proceedings.pdf\#page=389},
  crossref  = {DBLP:conf/colt/2010},
  bibsource = {DBLP, http://dblp.uni-trier.de}
}

@proceedings{DBLP:conf/colt/2010,
  editor    = {Adam Tauman Kalai and
               Mehryar Mohri},
  title     = {COLT 2010 - The 23rd Conference on Learning Theory, Haifa,
               Israel, June 27-29, 2010},
  booktitle = {COLT},
  publisher = {Omnipress},
  year      = {2010},
  isbn      = {978-0-9822529-2-5},
  bibsource = {DBLP, http://dblp.uni-trier.de}
}

